<record><leader>00000cas a2200000 a 4500</leader><controlfield tag="001">17815499</controlfield><controlfield tag="008">880419d18791890tnucr ne      0    0eng d</controlfield><datafield ind1=" " ind2=" " tag="010"><subfield code="a">sn 88061078 </subfield></datafield><datafield ind1=" " ind2=" " tag="040"><subfield code="a">KNP</subfield><subfield code="b">eng</subfield><subfield code="c">KNP</subfield><subfield code="d">TGN</subfield><subfield code="d">OCL</subfield><subfield code="d">OCLCQ</subfield><subfield code="d">OCLCF</subfield><subfield code="d">DLC</subfield><subfield code="d">OCLCO</subfield></datafield><datafield ind1="1" ind2=" " tag="029"><subfield code="a">AU@</subfield><subfield code="b">000021677360</subfield></datafield><datafield ind1=" " ind2=" " tag="042"><subfield code="a">msc</subfield></datafield><datafield ind1=" " ind2=" " tag="043"><subfield code="a">n-us-tn</subfield></datafield><datafield ind1="0" ind2="0" tag="245"><subfield code="a">Clarksville semi-weekly tobacco leaf.</subfield></datafield><datafield ind1="3" ind2=" " tag="246"><subfield code="a">Clarksville semiweekly tobacco leaf</subfield></datafield><datafield ind1="1" ind2="3" tag="246"><subfield code="a">Semi-weekly tobacco leaf</subfield></datafield><datafield ind1=" " ind2=" " tag="260"><subfield code="a">Clarksville, Tenn. :</subfield><subfield code="b">M.V. Ingram,</subfield><subfield code="c">1879-1890.</subfield></datafield><datafield ind1=" " ind2=" " tag="300"><subfield code="a">v. :</subfield><subfield code="b">ill.</subfield></datafield><datafield ind1=" " ind2=" " tag="310"><subfield code="a">Semiweekly</subfield></datafield><datafield ind1="0" ind2=" " tag="362"><subfield code="a">Vol. 11, no. 1 (Feb. 11, 1879)-v. 22, no. 8 (Mar. 7, 1890).</subfield></datafield><datafield ind1=" " ind2=" " tag="500"><subfield code="a">Publishers: M.V. Ingram, 1879-1880; Ingram &amp; Stacker, 1880-1881; Brandon &amp; Barksdale, 1881-1890.</subfield></datafield><datafield ind1=" " ind2=" " tag="580"><subfield code="a">Merged with: Clarksville weekly chronicle (Clarksville, Tenn. : 1873), to form: Semi-weekly tobacco leaf-chronicle.</subfield></datafield><datafield ind1=" " ind2="0" tag="651"><subfield code="a">Clarksville (Tenn.)</subfield><subfield code="v">Newspapers.</subfield></datafield><datafield ind1=" " ind2="0" tag="651"><subfield code="a">Montgomery County (Tenn.)</subfield><subfield code="v">Newspapers.</subfield></datafield><datafield ind1=" " ind2="7" tag="651"><subfield code="a">Tennessee</subfield><subfield code="z">Clarksville.</subfield><subfield code="2">fast</subfield><subfield code="0">(OCoLC)fst01216907</subfield></datafield><datafield ind1=" " ind2="7" tag="651"><subfield code="a">Tennessee</subfield><subfield code="z">Montgomery County.</subfield><subfield code="2">fast</subfield><subfield code="0">(OCoLC)fst01209636</subfield></datafield><datafield ind1=" " ind2="7" tag="655"><subfield code="a">Newspapers.</subfield><subfield code="2">fast</subfield><subfield code="0">(OCoLC)fst01423814</subfield></datafield><datafield ind1=" " ind2=" " tag="752"><subfield code="a">United States</subfield><subfield code="b">Tennessee</subfield><subfield code="c">Montgomery</subfield><subfield code="d">Clarksville.</subfield></datafield><datafield ind1="0" ind2=" " tag="775"><subfield code="t">Clarksville daily tobacco leaf</subfield><subfield code="w">(DLC)sn 88061068</subfield></datafield><datafield ind1="0" ind2=" " tag="775"><subfield code="t">Clarksville evening tobacco leaf-chronicle</subfield><subfield code="x">2376-5445</subfield><subfield code="w">(DLC)sn 88061071</subfield><subfield code="w">(OCoLC)17796614</subfield></datafield><datafield ind1="0" ind2="0" tag="780"><subfield code="t">Clarksville tobacco leaf</subfield><subfield code="w">(DLC)sn 85033370</subfield></datafield><datafield ind1="1" ind2="7" tag="785"><subfield code="t">Clarksville weekly chronicle (Clarksville, Tenn. : 1873)</subfield><subfield code="w">(DLC)sn 88061082</subfield></datafield><datafield ind1="1" ind2="7" tag="785"><subfield code="t">Semi-weekly tobacco leaf-chronicle</subfield><subfield code="w">(DLC)sn 88061009</subfield></datafield></record>